2209 3910
286 141 411 223 ηε
548 212 554 221 Ι
850 92 1610 199 SALLUSTII

351 262 477 312 Suos
500 252 684 327 equites
709 259 924 309 hortatus
947 258 1070 307 vado
1095 257 1382 307 transmittit.
1429 256 1581 306 ffIdem

349 333 461 383 Ietu
501 349 669 381 eorum
707 333 794 398 qui
834 331 884 379 in
925 328 1124 378 flumine
1161 324 1382 390 ruebant,
1417 328 1725 378 necabantur.
1764 326 1918 379 Don
1973 324 2169 399 Αᾶὲζῂῖπ;

281 410 373 456 ειὲῖ.
397 403 461 452 iii.
468 401 539 470 sc.
566 418 614 453 2.

349 473 687 524 Circumventi
721 470 906 531 dextra,
961 467 1086 517 unde
1111 468 1290 518 ferrum
1327 478 1447 529 erat,
1488 467 1596 517 saxa
1631 479 1717 519 aut
1737 469 1853 538 quid
1885 469 1982 520 tale·
2004 470 2168 536 capiti*

283 543 575 610 affligebant.
649 541 922 610 Arzficmus
957 577 960 579 Α

286 657 303 683 ι..
363 613 454 664 Sed
479 611 708 662 Metellus
743 613 796 660 in
829 610 1049 661 ulteriore
1081 608 1346 674 provincia.
1415 606 1539 656 Dan.
1577 607 1839 659 adPhorm.
1866 616 1952 658 αέῖ.
1979 609 2007 658 i.
1981 578 2086 678 β.
2106 624 2172 675 4.Ι

353 683 576 735 Immane
602 694 841 749 quantum
865 681 1012 729 animi
1037 679 1262 729 exarsere.
1310 679 1418 730 Non
1449 696 1596 726 nomen
1613 679 1703 748 pos
1684 692 1795 729 tum
1805 686 1890 746 pro
1919 679 2157 728 Adverbio.

352 761 373 783 ³
399 757 470 803 At
492 753 560 802 illi
586 752 759 819 quibus
779 768 852 800 res
876 750 1126 816 incognita
1141 761 1259 811 erat,
1297 747 1422 799 ivere
1442 749 1605 798 cunSfi
1624 750 1681 798 ad
1696 763 1875 816 portas,
1912 749 2171 823 incognita·

285 824 491 875 tendere
563 822 697 871 Serv.
737 820 793 870 F.
819 821 988 886 Urstni.

354 893 561 944 Murum
586 893 644 941 ab
669 891 850 958 angulo
873 890 1026 940 dextri
1053 889 1210 941 lateris
1251 888 1308 939 ad
1335 887 1557 954 paludem
1586 850 1710 940 haud
1737 875 1902 956 procul
1927 899 2159 979 remotam

283 965 439 1016 duxit.
498 962 636 1014 Serv.
667 962 920 1012 Fuldanus.
2141 984 2144 987 ·

926 1422 1523 1481 LIBERMI.

418 1584 471 1635 X
485 1583 993 1653 AUDITIQUE
1030 1585 1170 1636 sonus
1198 1585 1216 1613 ¹³
1241 1582 1688 1636 Bacchanaliorum.
1734 1580 1896 1636 Macr.
1922 1583 1951 1633 l.
1989 1583 2021 1633 i.
2045 1602 2086 1633 c.
2112 1600 2162 1651 4.

443 1658 636 1709 Saturn.
675 1655 800 1706 IVon.

359 1726 581 1786 Diversa,
619 1725 701 1777 uti
721 1727 837 1776 solet
870 1725 1009 1776 rebus
1046 1726 1257 1791 perditiS‚
1307 1722 1568 1790 capessunt,
1619 1741 1833 1791 namque
1870 1723 1947 1773 alii
1991 1703 2166 1778 fiducia

289 1798 538 1864 gnaritatis
562 1797 820 1847 locorum
808 1815 859 1846 m
881 1797 1124 1847 occultam
1149 1797 1316 1864 fugam
1342 1794 1511 1861 sparfi3
1551 1794 1671 1844 aliic
1693 1794 1847 1861 globis
1872 1795 2166 1860 eruptionem

289 1868 549 1917 tentavere.
622 1867 775 1937 Ρνιβ.
803 1867 832 1916 l
859 1885 907 1917 Χ.
967 1865 1091 1916 Mn.

358 1938 502 1988 Unus
528 1937 784 1988 constitit
773 1956 821 1987 in
848 1955 965 2004 agro
990 1938 1008 1965 ²¹
1034 1936 1259 2000 Lucano,
1298 1952 1474 2004 gnarus
1499 1934 1614 1998 loci,
1651 1936 1848 1986 nomine
1880 1941 1898 1963 ‘²
1919 1912 2166 2033 Publipor,

291 2007 429 2058 Idem.
457 2007 486 2057 l
512 2008 574 2058 vi.
615 2008 791 2058 Probus
816 2006 1073 2059 Catholicis.

362 2077 505 2128 Male
531 2081 634 2148 jam
673 2078 902 2128 assuetum
942 2078 1000 2126 ad
1037 2072 1238 2127 omnisf
1261 2077 1330 2128 vis
1364 2074 1804 2127 controversiarum.
1878 2034 2024 2144 Prisc.
2051 2074 2079 2124 l.
2106 2074 2164 2126 vi.

359 2147 713 2227 Conjuratione
735 2148 927 2197 claudit.
1001 2147 1135 2196 Idm
1164 2145 1192 2195 l.
1219 2165 1266 2196 Χ.

362 2217 515 2285 Qasi
547 2236 629 2284 par
661 2237 710 2268 in
735 2219 909 2283 oppido
923 2216 1188 2276 festinatio,
1235 2217 1325 2267 ὅτ
1314 2234 1484 2284 ingens
1511 2227 1662 2266 terror
1687 2227 1806 2276 erat,
1863 2233 1922 2265 ne
1946 2233 2005 2266 ex
2030 2214 2168 2265 latere

293 2306 421 2340 nova
445 2290 746 2338 munimenta
779 2295 800 2326 g
826 2289 1019 2340 madore
1054 2286 1442 2337 infirmarentur·
1430 2310 1444 2348 3
1499 2305 1611 2337 nam
1644 2289 1828 2336 moenia
1850 2286 2008 2363 oppidi
2043 2284 2168 2352 stag-

290 2358 489 2422 nabant,
524 2359 899 2411 redundantibus
936 2359 1115 2409 cloacis
1158 2357 1353 2408 advorso
1390 2356 1508 2408 aestu
1541 2358 1698 2408 maris.
1757 2355 1879 2406 Non.
1906 2376 1952 2405 m
1975 2353 2166 2407 Madar-

1098 2568 1378 2622 Norffi.

347 2757 368 2778 ²
390 2749 445 2796 At
469 2749 520 2790 illi
524 2747 557 2801 .]
588 2749 633 2786 In
669 2749 790 2788 Servio
815 2749 995 2797 Danielis,
1026 2750 1086 2801 qui
1113 2752 1202 2789 Ful-

296 2805 389 2841 dano
422 2803 636 2853 praestantior
669 2805 735 2850 est,
775 2804 844 2842 hoc
881 2805 1123 2852 fragmentum
1156 2806 1205 2841 ita
1275 2806 1317 2841 ab
1337 2806 1448 2842 Ortu.

295 2856 440 2905 legitur,
458 2856 512 2892 At
532 2855 581 2892 illi
595 2857 674 2908 quil
679 2871 717 2895 us
730 2857 893 2903 aderant,
912 2856 1012 2895 νιιένε
1027 2860 1140 2896 cuni-Ji
1158 2858 1208 2894 ad
1327 2865 1345 2886 e
1369 2857 1551 2908 Publipor
1558 2854 1576 2906 ]
1606 2857 1646 2892 Id
1666 2856 1728 2901 est,
1756 2854 1876 2892 Publii
1900 2864 2002 2906 puer,
2025 2853 2086 2904 seu
2097 2833 2171 2905 fir·-

290 2918 414 2960 portas
438 2908 609 2945 incondita
641 2919 776 2948 tenere:
814 2923 859 2946 ex
886 2923 955 2957 quo
974 2920 1137 2959 corrupte
1168 2912 1203 2946 in
1276 2925 1361 2947 vus.
1418 2911 1562 2946 Mirum
1595 2910 1634 2945 ni
1655 2908 1777 2945 hocin
1810 2909 1900 2953 loco,
1943 2911 1984 2944 de
2007 2909 2172 2956 quopiam

297 2963 362 2998 illo
380 2962 487 2998 altero
506 2960 601 2998 ι’·υένε
621 2975 680 3010 pro
698 2961 794 2999 νιιένε
820 2963 973 3012 politum
1006 2963 1087 3008 ess'e,
1113 2962 1203 3000 mihi
1277 2975 1320 2999 ex
1341 2963 1492 3009 Spartaci
1516 2961 1820 2998 commilitonibus
1839 2960 1869 2996 se
1859 2973 1948 2996 rmo
1965 2962 2027 2997 est·

1273 2751 1504 2798 contermini,
1544 2749 1583 2787 in
1609 2748 1769 2788 extremi
1797 2750 2051 2801 propemodum
2074 2746 2171 2788 ltalia

297 3014 460 3063 quidem,
486 3014 621 3053 clarum
640 3017 794 3051 videtur.
1328 3013 1347 3044 f
1366 3016 1429 3053 Vis
1433 3014 1467 3066 .]
1500 3016 1665 3051 Numero
1694 3014 1846 3061 plurali.
1879 3014 1929 3050 ita
1956 3025 2092 3061 quoque
2113 3024 2172 3048 ex-

347 3064 370 3096 b
391 3066 744 3118 Bacchanaliorum]
774 3068 909 3106 Bacchi
924 3067 1111 3118 Festorum.
1235 3076 1243 3096 Ι
1276 3068 1390 3104 tulisse
1425 3077 1558 3103 veteres
1588 3068 1638 3102 ait
1668 3066 1882 3110 Priscianus,
1925 3074 2028 3115 atque
2054 3067 2111 3103 ita
2118 3064 2173 3102 lo-

349 3125 370 3147 c
387 3117 542 3170 Globis]
573 3120 670 3155 Vide
690 3119 803 3169 supra.
1278 3130 1406 3170 quutus
1427 3122 1474 3156 est
1495 3120 1694 3155 Lucretius.

347 3170 369 3200 d
388 3170 566 3222 Lucano-J
604 3172 740 3209 Lucani
773 3173 892 3222 populi
917 3173 1061 3211 fuerunt
1091 3173 1169 3209 itali
1175 3185 1205 3209 ae
1328 3180 1350 3212 g
1369 3173 1534 3211 Madore
1539 3170 1558 3224 ]
1588 3173 1631 3210 Id
1648 3172 1708 3220 est,
1734 3172 1826 3211 hum
1822 3170 1950 3210 ditate.

298 3224 341 3261 ad
368 3236 467 3263 mare
483 3223 734 3282 Tyrrhenum,
775 3226 977 3268 Picentinis
1008 3231 1043 3266 δε
1070 3226 1207 3266 Brutiis

2026 3335 2174 3408 Equis
